@book{v27,
 title = {Anleitung zum Versuch 27. Der Zeeman-Effekt},
 publisher = {TU Dortmund}
}

@online{link1,
 title = {Titel},
 url = {http://},
 addendum = {[21.04.2016]}
}