@paper{v51,
 title = {Anleitung zum Versuch "Schaltungen mit OperationsverstÃ¤rkern"},
 publisher = {TU Dortmund}
}

@book{buch1,
 author = {Author},
 title = {Titel},
 publisher = {Verlag},
 year = {Erscheinungsjahr}
}

@online{link1,
 title = {Titel},
 url = {http://},
 addendum = {[21.04.2016]}
}