@book{hopg,
 author = {R. Wiesendanger and H.-J. Guntherodt},
 title = {Scanning Tunneling Microscopy I},
 publisher = {Springer Verlag},
 year = {1994}
}

@book{kittel,
    author = {Ch. Kittel},
    title = {Einführung in die Festkörperphysik}
}

@book{handbuch,
    
    
}

@online{gold,
 title = {Mineralogy Database},
 url = {http://webmineral.com/data/Gold.shtml},
 addendum = {[21.04.2016]}
}
