@book{V61,
 title = {Anleitung zum Versuch 61. Helium-Neon-Laser},
 publisher = {TU Dortmund}
}
