@paper{v47,
 title = {Anleitung zum Versuch "Temperaturabhängigkeit der Molwärme in Festkörpern"},
 publisher = {TU Dortmund}
}

@online{link1,
 title = {Titel},
 url = {http://},
 addendum = {[21.04.2016]}
}